<record><leader>00000cas a2200000 a 4500</leader><controlfield tag="001">11219042</controlfield><controlfield tag="008">841002d18891899ksuwr ne      0   a0eng d</controlfield><controlfield tag="009">3789</controlfield><datafield ind1=" " ind2=" " tag="010"><subfield code="a">sn 84029304 </subfield></datafield><datafield ind1=" " ind2=" " tag="040"><subfield code="a">KSH</subfield><subfield code="b">eng</subfield><subfield code="c">KSH</subfield><subfield code="d">NPT</subfield><subfield code="d">OCL</subfield></datafield><datafield ind1=" " ind2=" " tag="042"><subfield code="a">msc</subfield></datafield><datafield ind1="0" ind2="4" tag="245"><subfield code="a">The Moline republican.</subfield></datafield><datafield ind1=" " ind2=" " tag="260"><subfield code="a">Moline, Kan. :</subfield><subfield code="b">Geo. C. Armstrong,</subfield><subfield code="c">1889-1899.</subfield></datafield><datafield ind1=" " ind2=" " tag="300"><subfield code="a">10 v. :</subfield><subfield code="b">ill.</subfield></datafield><datafield ind1=" " ind2=" " tag="310"><subfield code="a">Weekly</subfield></datafield><datafield ind1="1" ind2=" " tag="362"><subfield code="a">Vol. 8, no. 28 (Nov. 8, 1889)-v. 18, no. 11 (June 30, 1899).</subfield></datafield><datafield ind1=" " ind2=" " tag="500"><subfield code="a">Published by Mary T. Armstrong, Jan. 28, 1898-June 30, 1899.</subfield></datafield><datafield ind1=" " ind2=" " tag="525"><subfield code="a">Some issues include supplements.</subfield></datafield><datafield ind1=" " ind2=" " tag="752"><subfield code="a">United States</subfield><subfield code="b">Kansas</subfield><subfield code="c">Elk</subfield><subfield code="d">Moline.</subfield></datafield><datafield ind1="0" ind2="0" tag="780"><subfield code="t">Moline mercury (Moline, Kan. : 1885)</subfield><subfield code="w">(DLC)sn 84029305</subfield></datafield><datafield ind1="0" ind2="0" tag="785"><subfield code="t">Moline review</subfield><subfield code="w">(DLC)sn 84029303</subfield></datafield></record>